@article{Edwards_2018,
	doi = {10.1088/1475-7516/2018/10/027},
  
	url = {https://doi.org/10.1088%2F1475-7516%2F2018%2F10%2F027},
  
	year = 2018,
	month = {oct},
  
	publisher = {{IOP} Publishing},
  
	volume = {2018},
  
	number = {10},
  
	pages = {027--027},
  
	author = {Faber Edwards and Emily Kendall and Shaun Hotchkiss and Richard Easther},
  
	title = {{PyUltraLight}: a pseudo-spectral solver for ultralight dark matter dynamics},
  
	journal = {Journal of Cosmology and Astroparticle Physics}
}

@article{May&Springel_2021,
	doi = {10.1093/mnras/stab1764},
  
	url = {https://doi.org/10.1093%2Fmnras%2Fstab1764},
  
	year = 2021,
	month = {jun},
  
	publisher = {Oxford University Press ({OUP})},
  
	volume = {506},
  
	number = {2},
  
	pages = {2603--2618},
  
	author = {Simon May and Volker Springel},
  
	title = {Structure formation in large-volume cosmological simulations of fuzzy dark matter: impact of the non-linear dynamics},
  
	journal = {Monthly Notices of the Royal Astronomical Society}
}